@InProceedings{James1988,
  author = 	 {T. James and A. C. Ying and S. G. Johnsen},
  title = 	 {A new technique for producing stencils},
  booktitle = {Proc. Int. Cong. on Stencils},
  year = 	 1988,
  address = 	 {ABCD, Melbourne, Australia},
  month = 	 {February 29-31}}




@Article{Luke1988,
  author = 	 {T. Luke},
  title = 	 {A new technique for Stencil publishing},
  journal = 	 {J. Stencils},
  year = 	 1988,
  volume = 	 5,
  pages = 	 {179-221}}

